@misc{eetimes-fpga,
	author = {Yvonne Lin, Xilinx},
	title = {Using FPGAs to solve challenges in industrial applications},
	date = {22-11-2011},
	url = {http://www.eetimes.com/document.asp?doc_id=1279239},
	urldate = {26-12-2016}
}

@misc{eetimes-lattice,
	author = {Max Maxfield},
	title = {Lattice introduces iCE40 UltraPlus high-performance low-power FPGAs},
	date = {22-12-2016},
	url = {http://www.eetimes.com/document.asp?doc_id=1331054&},
	urldate = {26-12-2016}
}

@misc{mb-reference,
	title = {MicroBlaze Processor Reference Guide},
	url = {https://www.xilinx.com/support/documentation/sw_manuals/xilinx2014_2/ug984-vivado-microblaze-ref.pdf},
	urldate = {26-12-2016}
}


@misc{android-studio,
	title = {Android Studio},
	url = {https://developer.android.com/studio/index.html},
	urldate = {26-12-2016}
}

@misc{xilinx-xps-edk,
	title = {Xilinx Design Tools},
	url = {https://www.xilinx.com/products/design-tools/platform.html},
	urldate = {26-12-2016}
}

@misc{android-developer,
	title = {Android API Guide},
	url = {https://developer.android.com},
	urldate = {27-12-2016}
}

